
@misc{key1,
title     = "How to Hike in Extreme Heat and Humidity",
author    = "Gossman, Shawn",
year      = "2022",
note      = "Last accessed 15 December 2023",
howpublished       = "\url{https://www.hikingwithshawn.com/hike-in-extreme-heat-and-humidity/}"
}

@misc{key2,
title     = "Replicated Latin Squares",
author    = "Penn State University",
year      = "2020",
address   = "Pennsylvania"
}

@book{key3,
title     = "Replications of Latin Square",
author    = "Zhou, Tianni",
publisher = "Zhou, Tianni",
year      = "2023",
address   = "1250 Bellflower Blvd, Long Beach, CA 90840" ,
note      = "Last accessed 15 December 2023",

}